<?xml version='1.0' encoding='utf-8'?>
<record xmlns="http://www.loc.gov/MARC21/slim" xmlns:xsi="http://www.w3.org/2001/XMLSchema-instance">
  <leader>^^^^^nas^a2200325^a^4500</leader>
  <controlfield tag="001">003204626</controlfield>
  <controlfield tag="005">19990504000000.0</controlfield>
  <controlfield tag="008">980126d18851891miudn^ne^^^^^^0^^^^0eng^d</controlfield>
  <datafield tag="010" ind1=" " ind2=" ">
    <subfield code="a">sn 96076980</subfield>
  </datafield>
  <datafield tag="035" ind1=" " ind2=" ">
    <subfield code="a">(OCoLC)ocm35245477</subfield>
  </datafield>
  <datafield tag="040" ind1=" " ind2=" ">
    <subfield code="a">MHN</subfield>
    <subfield code="c">MHN</subfield>
    <subfield code="d">NVK</subfield>
    <subfield code="d">MHN</subfield>
    <subfield code="d">BEU</subfield>
  </datafield>
  <datafield tag="042" ind1=" " ind2=" ">
    <subfield code="a">lcd</subfield>
  </datafield>
  <datafield tag="130" ind1="0" ind2=" ">
    <subfield code="a">Daily Democrat (Grand Rapids, Mich.)</subfield>
  </datafield>
  <datafield tag="245" ind1="0" ind2="4">
    <subfield code="a">The daily Democrat.</subfield>
  </datafield>
  <datafield tag="246" ind1="1" ind2="7">
    <subfield code="a">Grand Rapids daily Democrat</subfield>
  </datafield>
  <datafield tag="260" ind1=" " ind2=" ">
    <subfield code="a">Grand Rapids, Mich. :</subfield>
    <subfield code="b">F. W. Ball,</subfield>
  </datafield>
  <datafield tag="300" ind1=" " ind2=" ">
    <subfield code="a">v. :</subfield>
    <subfield code="b">ill. ;</subfield>
    <subfield code="c">56 cm.</subfield>
  </datafield>
  <datafield tag="310" ind1=" " ind2=" ">
    <subfield code="a">Daily (except Mon.)</subfield>
  </datafield>
  <datafield tag="362" ind1="0" ind2=" ">
    <subfield code="a">Vol. 22, no. 139 (Mar. 4, 1885)-v. 28, no. 89 (Jan. 11, 1891).</subfield>
  </datafield>
  <datafield tag="651" ind1=" " ind2="0">
    <subfield code="a">Grand Rapids (Mich.)</subfield>
    <subfield code="x">Newspapers.</subfield>
  </datafield>
  <datafield tag="651" ind1=" " ind2="0">
    <subfield code="a">Kent County (Mich.)</subfield>
    <subfield code="x">Newspapers.</subfield>
  </datafield>
  <datafield tag="690" ind1=" " ind2="4">
    <subfield code="a">Newspapers</subfield>
    <subfield code="y">1881-1890</subfield>
    <subfield code="z">Michigan</subfield>
    <subfield code="z">Grand Rapids.</subfield>
  </datafield>
  <datafield tag="690" ind1=" " ind2="4">
    <subfield code="a">Newspapers</subfield>
    <subfield code="y">1891-1900</subfield>
    <subfield code="z">Michigan</subfield>
    <subfield code="z">Grand Rapids.</subfield>
  </datafield>
  <datafield tag="752" ind1=" " ind2=" ">
    <subfield code="a">United States</subfield>
    <subfield code="b">Michigan</subfield>
    <subfield code="c">Kent</subfield>
    <subfield code="d">Grand Rapids.</subfield>
  </datafield>
  <datafield tag="700" ind1="1" ind2=" ">
    <subfield code="a">Ball, Frank W.</subfield>
    <subfield code="q">(Frank Webster),</subfield>
    <subfield code="d">1851-1915.</subfield>
  </datafield>
  <datafield tag="780" ind1="0" ind2="0">
    <subfield code="t">Daily morning Democrat</subfield>
    <subfield code="w">(DLC)sn 85033631</subfield>
    <subfield code="w">(OCoLC) 12115899</subfield>
  </datafield>
  <datafield tag="785" ind1="0" ind2="0">
    <subfield code="t">Grand Rapids Democrat</subfield>
    <subfield code="w">(DLC)sn 96076967</subfield>
    <subfield code="w">(OCoLC) 35240706</subfield>
  </datafield>
  <datafield tag="852" ind1="8" ind2=" ">
    <subfield code="a">MiU-H</subfield>
    <subfield code="b">BENT</subfield>
    <subfield code="h">9933 Aa 2</subfield>
  </datafield>
  <datafield tag="998" ind1=" " ind2=" ">
    <subfield code="c">LAC</subfield>
  </datafield>
  <datafield tag="955" ind1=" " ind2=" ">
    <subfield code="b">BENT</subfield>
    <subfield code="p">B1223524</subfield>
  </datafield>
</record>
